@misc{WWM2020,
      title={Which bridge estimator is optimal for variable selection?}, 
      author={Shuaiwen Wang and Haolei Weng and Arian Maleki},
      year={2020},
      eprint={1705.08617},
      archivePrefix={arXiv},
      primaryClass={math.ST}
}

@misc{Kas2018,
    author = {Kassambara},
    title = {Penalized Regression Essentials: Ridge, Lasso and Elastic Net},
    year = {2018},
    howpublished = {http://www.sthda.com/english/articles/37-model-selection-essentials-in-r/153-penalized-regression-essentials-ridge-lasso-elastic-net/},
    note = {Accessed: 2021/03/06}
}

@book{SIDA2021,
    author      = {Gijbels, Irène},
    title       = {Statistical Inference and Data Analysis},
    year        = {2021},
    address     = {Celestijnenlaan 200B
    B-3001 Leuven (Heverlee)}
}

@inbook{TB1997,
    publisher = {SIAM},
    isbn = {0898713617},
    year = {1997},
    title = {Numerical linear algebra},
    address = {Philadelphia},
    author = {Bau, David and Trefethen, Lloyd N},
    pages = {41-47},
    keywords = {Linear and multilinear algebra. Matrix theory},
}

@article{Hoerl2020,
    author = {Hoerl, Roger},
    year = {2020},
    month = {11},
    pages = {420-425},
    title = {Ridge Regression: A Historical Context},
    volume = {62},
    journal = {Technometrics},
    doi = {10.1080/00401706.2020.1742207}
}

@misc{Kj2018,
  author = {kjytay},
  title = {$X^TX$ and ridge regression},
  year = {2018},
  note = {https://statisticaloddsandends.wordpress.com/2018/02/09/xtx-and-ridge-regression/, accessed on 2021-03-17},
  urldate = {2021-03-17}
}

@book{ISL2013,
series = {Springer texts in statistics},
issn = {1431-875X},
volume = {103},
publisher = {Springer},
booktitle = {An introduction to statistical learning},
isbn = {9781461471370},
year = {2013},
title = {An introduction to statistical learning: With applications in R},
language = {eng},
address = {New York},
author = {James, Gareth and Witten, Daniela and Hastie, Trevor and Tibshirani, Robert},
keywords = {Aktienkurs ; Prognosemodell ; Methode ; Datenanalyse ; Regression ; Lernen ; Gentechnologie ; Medizin ; Klassifikation ; Statistische Methode ; Lohnhöhe ; Modell ; Assoziation ; Software ; Statistik ; Clusteranalyse ; R (Computer program language) ; Data mining ; Mathematical statistics ; Statistics ; Mathematical models ; Mathematical statistics-Problems, exercises, etc ; Mathematical models-Problems, exercises, etc},
}

@book{ESL2009,
series = {Springer Series in Statistics},
issn = {0172-7397},
publisher = {Springer New York},
booktitle = {The Elements of Statistical Learning},
isbn = {0387848576},
title = {The Elements of Statistical Learning: Data Mining, Inference, and Prediction},
edition = {Second Edition},
copyright = {Springer-Verlag New York 2009},
language = {eng},
address = {New York, NY},
author = {Hastie, Trevor and Tibshirani, Robert and Friedman, Jerome},
keywords = {Computational Biology/Bioinformatics ; Artificial Intelligence ; Computer Science ; Data Mining and Knowledge Discovery ; Probability Theory and Stochastic Processes ; Statistical Theory and Methods ; Mathematics and Statistics ; Computer Appl. in Life Sciences},
}

@misc{EpiR,
    author = {Darwood, Hugo},
    title = {Epicurious - Recipes with Rating and Nutrition},
    year = {2017},
    note = {https://www.kaggle.com/hugodarwood/epirecipes/code, accessed on: 16/04/2021.}

}



